%%
%
% ARQUIVO: refs.bib
%
% VERSÃO: 1.0
% DATA: Maio de 2016
% AUTOR: Coordenação de Trabalhos Especiais SE/8
% 
%  Arquivo bibtex com as referências usadas no documento de PFC.
%
%   é preciso ter atenção a caracteres especiais em LaTeX (p.ex. '_' deve ser '\_',
%   '\' deve ser '\backslash', etc.).
%
%   erros indicados no capítulo de Referências Bibliográficas DEVEM SER CONSERTADOS SOMENTE AQUI.
%   EVITE alterar os demais arquivos de estilo.
%
%   itens marcados como OPCIONAL, podem ser REMOVIDOS da entrada bibtex (NÃO DEIXE EM BRANCO).
%
%%

% -----
% ARTIGO EM PERIÓDICO
%
%  itens: autor; título; periódico; volume; número (OPCIONAL); páginas; ano
% -----
@article{Salles2014,
    author = {Claudio Sá de Abreu and Ronaldo Moreira Salles},
    title = {Modeling message diffusion in epidemical DTN},
    journal = {Ad Hoc Networks},
    volume = {16},
    number = {2},
    pages = {197-209},
    year = {2014}
}

@article{CUNY,
    author = {Jianliang Zheng and Myung J. Lee},
    title = {A Comprehensive Performance Study of IEEE 802.15.4},
    journal = {Sensor network operations},
    volume = {4},
    pages = {218-237},
    year = {2006}
}


% -----
% ARTIGO EM PERIÓDICO DE ACESSO ELETRÔNICO
%
%  itens: autor; título; periódico; volume; número (OPCIONAL); páginas (OPCIONAL); url; data de acesso; ano
% -----
@article{Justel2014,
    author = {Nair Abreu and Claudia Marcela Justel and Oscar Rojo and Vilmar Trevisan},
    title = {Ordering trees and graphs with few cycles by algebraic connectivity},
    journal = {Linear Algebra and its Applications},
    volume = {458},
    url = {http://www.journals.elsevier.com/linear-algebra-and-its-applications/},
    note = {31 nov. de 2015},
    year = {2014}
}

% -----
% LIVRO NO TODO
%
%  itens: autor; título; edição (OPCIONAL); local da editora (na falta, será apresentado [S.l.]);
%         editora (na falta, será apresentado [s.n.]); ano
% -----
@book{Latim2014,
	author = {Antônio Martinez de Rezende and Sandra Braga Bianchet},
	title = {Dicionário do latim essencial},
	edition = {2},
	address = {Belo Horizonte},
	publisher = {Autêntica},
	year = {2014}
}

@book{balanis,
    author={Constantine A. Balanis},
    title={Antena Theory},
    edition={3},
    address={Nova Jersey},  
    publisher={Wiley},
    year={2005}
}

@book{seybold,
    title={Introduction to RF Propagation},
    author={Jonh S. Seybold},
    edition={1},
    address={Nova Jersey},  
    publisher={Wiley},
    year={2005}
}

@book{Tanenbaum,
  title = {Computer Networks},
  author = {Andrew S. Tanenbaum and David J. Wetherall},
  address = {Boston},
  publisher = {Pearson},
  year = {2011}
}

@book{Andrezo,
    title = {Notas de aula do Major Andrezo},
    author = {Victor Andrezo Gouveia},
    year = {2018}
}

@book{Berlekamp,
    author = {Elwyn Ralph Berlekamp},
    title = {Nonbinary BCH decoding},
    year = {1967}
}

% -----
% CAPÍTULO DE LIVRO
%
%  itens: autor do capítulo; título do capítulo; autor do livro (na falta, se entende que o autor do
%         livro é o mesmo do autor do capítulo); título do livro; edição do livro (OPCIONAL);
%         local da editora do livro (na falta, será apresentado [S.l.]);
%         editora do livro (na falta, será apresentado [s.n.]); páginas; ano
% -----
@inbook{lkhabviludbv,
  author = {Andrew S. Tanenbaum and David J. Wetherall},
  title = {Computer Networks},
  editor = {Marcia Horton},
  booktitle = {Wireless networking for moving objects},
  address = {Berlim},
  publisher = {Pearson},
  pages = {70--87},
  year = {2014}
}

% -----
% ARTIGO EM ANAIS/PROCEEDINGS
%
%  itens: autor do artigo; título do artigo; nome do evento; edição do evento;
%         nome do evento co-locado (p.ex. do Workshop ou Trilha, etc. OPCIONAL);
%         edição do evento co-locado (OPCIONAL); local do evento;
%         tipo do evento ('br' se nacional, 'intl' se internacional);
%         local da editora (na falta, será apresentado [S.l.]);
%         editora (na falta, será apresentado [s.n.]); páginas; ano
% -----
@inproceedings{CUNY,
    author = {Jianliang Zheng and Myung J. Lee},
    title = {A Comprehensive Performance Study of IEEE 802.15.4},
%    booktitle = {International Conference on Enterprise Information Systems},
%    edition = {16},
    series = {Sensor network operations},
    number = {4},
%    key = {Lisboa},
%    type = {intl},
%    address = {Setúbal},
%    publisher = {SciTePress},
    pages = {218-237},
    year = {2006}
}

% -----
% ARTIGO EM ANAIS/PROCEEDINGS DE ACESSO ELETRÔNICO
%
%  itens: autor do artigo; título do artigo; nome do evento; edição do evento;
%         nome do evento co-locado (p.ex. do Workshop ou Trilha, etc. OPCIONAL);
%         edição do evento co-locado (OPCIONAL); local do evento;
%         tipo do evento ('br' se nacional, 'intl' se internacional);
%         local da editora (na falta, será apresentado [S.l.]);
%         editora (na falta, será apresentado [s.n.]); url; data de acesso;
%         páginas (OPCIONAL); ano
% -----
@inproceedings{Soares2013,
    author = {Monique Soares and Carla Silva and Gabriela Guedes and Jaelson Castro and Cleice Souza and Tarcisio Pereira},
    title = {Using tranformation rules to align requirements and archictectural models},
    booktitle = {Simpósio Brasileiro de Engenharia de Software},
    edition = {27},
    key = {Brasília},
    type = {br},
    address = {Porto Alegre},
    publisher = {Sociedade Brasileira de Computação},
    url = {http://cbsoft2013.unb.br/wp-content/uploads/2013/10/SBES-completo.pdf},
    note = {31 nov. de 2015},
    pages = {26--35},
    year = {2013}
}

% -----
% ANAIS/PROCEEDINGS NO TODO
%
%  itens: nome do evento; sigla do evento; edição do evento;
%         tipo do evento ('br' se nacional, 'intl' se internacional);
%         local do evento (na falta, será apresentado [S.l.]);
%         editora dos anais/proceedings (na falta, será apresentado [s.n.]);
%         url (se acesso ao documento for eletrônico, OPCIONAL); data de acesso (OPCIONAL); ano
% -----
@event{icse2015,
    key = {International Conference on Software Engineering},
    series = {ICSE},
    edition = {37},
    type = {intl},
    address = {Florença},
    publisher = {IEEE},
    url = {http://ieeexplore.ieee.org/xpl/mostRecentIssue.jsp?punumber=7174815},
    note = {31 nov. de 2015},
    year = {2015}
}

% -----
% TESE DE DOUTORADO
%
%  itens: autor; título; número de páginas (OPCIONAL); nome do curso de doutorado;
%         universidade do curso de doutorado; local da universidade do curso de doutorado;
%         url (se acesso ao documento for eletrônico, OPCIONAL); data de acesso (OPCIONAL); ano
% -----
@phdthesis{Yoko2003,
    author = {Maria Claudia Reis Cavalcanti},
    title = {Gerência de recursos científicos: Apoiando a realização de experimentos in silico},
    pages = {100},
    series = {Doutorado em Engenharia de Sistemas e Computação},
    school = {Universidade Federal do Rio de Janeiro},
    address = {Rio de Janeiro},
    year = {2003}
}

% -----
% DISSERTAÇÃO DE MESTRADO
%
%  itens: autor; título; número de páginas (OPCIONAL); nome do curso de mestrado;
%         universidade do curso de mestrado; local da universidade do curso de mestrado;
%         url (se acesso ao documento for eletrônico, OPCIONAL); data de acesso (OPCIONAL); ano
% -----
@mscthesis{Dias2013,
    author = {Gabriela Moutinho de Souza Dias},
    title = {Modelo epidemiológico SIR aplicado a redes Tolerantes a Atrasos e Desconexões},
    pages = {134},
    series = {Mestrado em Sistemas e Computação},
    school = {Instituto Militar de Engenharia},
    address = {Rio de Janeiro},
    url = {http://www.comp.ime.eb.br/images/repositorio-dissertacoes/2013-Gabriela\_Dias.pdf},
    note = {31 nov. de 2015},
    year = {2013}
}

% -----
% TRABALHO DE CONCLUSÃO DE CURSO DE GRADUAÇÃO
%
%  itens: autor; título; número de páginas (OPCIONAL); nome do curso de graduação;
%         universidade do curso de graduação; local da universidade do curso de graduação;
%         url (se acesso ao documento for eletrônico, OPCIONAL); data de acesso (OPCIONAL); ano
% -----
@ugdthesis{Josino2017,
    author = {Rafhael Josino Lima and Rômulo Braga Pacheco de Sousa},
    title = {Análise de Protocolos de Comunicação para Redes Móveis AD-HOC em Diferentes Terrenos},
    pages = {96},
    series = {Graduação em Engenharia de Comunicações},
    school = {Instituto Militar de Engenharia},
    address = {Rio de Janeiro},
    year = {2017}
}

@ugdthesis{6lowpan,
    author = {Bruno P. Santos and Antonio A. F. Loureiro},
    title = {Internet das Coisas: da Teoria à Prática},
    pages = {50},
    series = {Graduação em Ciência da Computação},
    school = {Universidade Federal de Minas Gerais},
    address = {Belo Horizote},
    year = {2017}
}

@ugdthesis{pfcmelhorqueonosso,
    author = {Arslan Azad and Muhammad Hamza Ehsan and Syed Arsalan Hasan and Tabish Tanveer},
    title = {EMBEDDED SYSTEM IMPLEMENTATION OF IEEE 802.15.4 FOR WIRELESS SENSOR NETWORKS (WSNs)},
    pages = {69},
    series = {Graduação em Engenharia de Telecomunicações},
    school = {National University of Sciences and Technology},
    address = {Islamabad},
    year = {2018}
}

% -----
% RELATÓRIO TÉCNICO
%
%  itens: autor; título;
%         local da universidade/editora do relatório técnico (na falta, será apresentado [S.l.]);
%         universidade/editora do relatório técnico (na falta, será apresentado [s.n.]);
%         número de páginas (OPCIONAL); número do relatório técnico (OPCIONAL);  ano
%
%         se acesso ao relatório técnico for eletrônico, NÃO USE techreport. USE siteurl (VER ABAIXO).
% -----
@techreport{IEEE2015,
    author = {IEEE Computer Standard},
    title = {IEEE Standard for Low-Rate Wireless Networks},
    address = {Nova Iorque},
    publisher = {IEEE-SA Standards Board},
    pages = {708},
    year = {2015}
}

@techreport{IEEE2016,
    author = {NXP Laboratories},
    title = {IEEE 802.15.4 Stack User Guide},
    publisher = {NXP Laboratories},
    pages = {204},
    year = {2016}
}

@techreport{Nordic2008,
    author = {Nordic},
    title = {nRF24L01+ Single Chip 2.4GHz Transceiver Product Specification v1.0},
    address = {Trondheim},
    publisher = {Nordic Semiconductor ASA},
    pages = {78},
    year = {2008}
}

@techreport{EBYTE,
    author = {Chengdu Ebyte},
    title = {E01-ML01DP5 Datasheet V1.0},
    address = {Sichuan},
    publisher = {Chengdu Ebyte Electronic Co},
    pages = {4},
     year = {2017}
}

@techreport{RNDIS,
    author = {Microsoft},
    title = {Remote Network Driver Interface Specification (RNDIS) Protocol},
    address = {Redmond},
    publisher = {Microsoft Corporation},
    pages = {46},
    year = {2014}
}

% -----
% PÁGINA/DOCUMENTO NA WEB
%
%  itens: autor (da página da Web-ou do detentor dos direitos da página, caso não haja autor- ou do documento);
%         título (da página da Web-campo <title>- ou do documento, caso não haja campo <title>;
%         url; data de acesso; ano
% -----
@siteurl{Forbes2014,
    author = {Revista Forbes},
    title = {Internet of Things By The Numbers: Market Estimates And Forecasts},
    url = {https://www.forbes.com/sites/gilpress/2014/08/22/internet-of-things-by-the-numbers-market-estimates-and-forecasts/#15965c60b919},
    note = {20 set. de 2018},
    year = {2014}
}

@siteurl{FAB2016,
    author = {Agência Força Aérea, por Ten Iris Vascocellos},
    title = {FAB realiza primeiro seminário internacional "ARP em Combate"},
    url = {http://www.fab.mil.br/noticias/mostra/27525/DEFESA},
    note = {20 set. de 2018},
    year = {2016}
}

@siteurl{Open,
    author = {OpenThread},
    title = {Get Started, OpenThread},
    url = {https://openthread.io/guides},
    note = {20 set. de 2018}
}

@siteurl{Mesh,
    author = {Pedro Pinto},
    title = {Novo Bluetooth vai permitir criar redes mesh},
    url = {https://pplware.sapo.pt/high-tech/novo-bluetooth-vai-permitir-criar-redes-mesh/},
    note = {20 set. de 2018},
     year = {2017}
}

@siteurl{Ufes,
    author = {Zegnoc},
    title = {A Camada Física do Padrão IEEE 802.15.4},
    url = {https://inf.ufes.br/~zegonc/material/Redes},
    note = {20 set. de 2018}
}

@siteurl{EATON,
    author = {Dr. José A. Gutierrez},
    title = {IEEE Std. 802.15.4 Enabling Pervasive Wireless Sensor Network},
    url = {https://people.eecs.berkeley.edu/~prabal/teaching/cs294-11-f05/slides/day21.pdf},
    note = {20 set. de 2018}
}

@siteurl{ettus,
    author = {National Instruments},
    title = {USRP-2901 Dispositivo de rádio definido por software USRP},
    url = {http://www.ni.com/pt-br/support/model.usrp-2901.html},
    note = {23 set. de 2018}
}

@siteurl{cobra,
    author = {IMBEL},
    title = {136° Curso de Forcas Especiais testa produtos cobra 2020 da IMBEL},
    url = {http://www.imbel.gov.br/index.php/11-noticias/136-curso-de-forcas-especiais-testa-produtos-cobra-2020-imbel},
    note = {23 set. de 2018}
}

@siteurl{gitnrf,
    author = {Dmitry LonelyWolf},
    title = {nRF24L01+ Transceiver Library},
    url = {https://github.com/LonelyWolf/stm32/tree/master/nrf24l01},
    note = {24 set. de 2018}
}